<?xml version="1.0" encoding="UTF-8"?>
  <record xmlns="http://www.loc.gov/MARC21/slim" type="Authority">
    <leader>00000nz  a2200000nc 4500</leader>
    <controlfield tag="001">102109079</controlfield>
    <controlfield tag="003">DE-101</controlfield>
    <controlfield tag="005">20181031003347.0</controlfield>
    <controlfield tag="008">920623n||azznnaabn           | aaa    |c</controlfield>
    <datafield tag="024" ind1="7" ind2=" ">
      <subfield code="a">102109079</subfield>
      <subfield code="0">http://d-nb.info/gnd/102109079</subfield>
      <subfield code="2">gnd</subfield>
    </datafield>
    <datafield tag="024" ind1="7" ind2=" ">
      <subfield code="a">15152726</subfield>
      <subfield code="2">viaf</subfield>
    </datafield>
    <datafield tag="035" ind1=" " ind2=" ">
      <subfield code="a">(DE-101)102109079</subfield>
    </datafield>
    <datafield tag="035" ind1=" " ind2=" ">
      <subfield code="a">(DE-588)102109079</subfield>
    </datafield>
    <datafield tag="035" ind1=" " ind2=" ">
      <subfield code="z">(DE-588)1089481276</subfield>
    </datafield>
    <datafield tag="035" ind1=" " ind2=" ">
      <subfield code="z">(DE-588)186742401</subfield>
    </datafield>
    <datafield tag="035" ind1=" " ind2=" ">
      <subfield code="z">(DE-588a)186742401</subfield>
      <subfield code="9">v:zg</subfield>
    </datafield>
    <datafield tag="035" ind1=" " ind2=" ">
      <subfield code="z">(DE-588a)102109079</subfield>
      <subfield code="9">v:zg</subfield>
    </datafield>
    <datafield tag="035" ind1=" " ind2=" ">
      <subfield code="z">(DE-588c)4596045-8</subfield>
      <subfield code="9">v:zg</subfield>
    </datafield>
    <datafield tag="040" ind1=" " ind2=" ">
      <subfield code="a">DE-7</subfield>
      <subfield code="c">DE-7</subfield>
      <subfield code="9">r:DE-601</subfield>
      <subfield code="b">ger</subfield>
      <subfield code="d">9999</subfield>
    </datafield>
    <datafield tag="042" ind1=" " ind2=" ">
      <subfield code="a">gnd1</subfield>
    </datafield>
    <datafield tag="043" ind1=" " ind2=" ">
      <subfield code="c">XA-DE</subfield>
    </datafield>
    <datafield tag="065" ind1=" " ind2=" ">
      <subfield code="a">16.5p</subfield>
      <subfield code="2">sswd</subfield>
    </datafield>
    <datafield tag="075" ind1=" " ind2=" ">
      <subfield code="b">p</subfield>
      <subfield code="2">gndgen</subfield>
    </datafield>
    <datafield tag="075" ind1=" " ind2=" ">
      <subfield code="b">piz</subfield>
      <subfield code="2">gndspec</subfield>
    </datafield>
    <datafield tag="079" ind1=" " ind2=" ">
      <subfield code="a">g</subfield>
      <subfield code="q">a</subfield>
      <subfield code="q">f</subfield>
      <subfield code="q">s</subfield>
      <subfield code="q">z</subfield>
      <subfield code="u">k</subfield>
    </datafield>
    <datafield tag="100" ind1="0" ind2=" ">
      <subfield code="a">Franz Josias</subfield>
      <subfield code="c">Sachsen-Coburg-Saalfeld, Herzog</subfield>
      <subfield code="d">1697-1764</subfield>
    </datafield>
    <datafield tag="375" ind1=" " ind2=" ">
      <subfield code="a">1</subfield>
      <subfield code="2">iso5218</subfield>
    </datafield>
    <datafield tag="400" ind1="0" ind2=" ">
      <subfield code="a">Franz Josias</subfield>
      <subfield code="c">Sachsen, Herzog</subfield>
      <subfield code="d">1697-1764</subfield>
    </datafield>
    <datafield tag="400" ind1="0" ind2=" ">
      <subfield code="a">Frantz Josias</subfield>
      <subfield code="c">Sachsen, Herzog</subfield>
      <subfield code="d">1697-1764</subfield>
    </datafield>
    <datafield tag="400" ind1="0" ind2=" ">
      <subfield code="a">Franz Josias</subfield>
      <subfield code="c">Sachsen-Jülich-Cleve-Berg, Herzog</subfield>
      <subfield code="d">1697-1764</subfield>
    </datafield>
    <datafield tag="400" ind1="0" ind2=" ">
      <subfield code="a">Franciscus Josias</subfield>
      <subfield code="c">Saxonia, Dux</subfield>
      <subfield code="d">1697-1764</subfield>
    </datafield>
    <datafield tag="400" ind1="0" ind2=" ">
      <subfield code="a">Franz Josias</subfield>
      <subfield code="c">Coburg-Saalfeld, Herzog</subfield>
      <subfield code="d">1697-1764</subfield>
    </datafield>
    <datafield tag="400" ind1="0" ind2=" ">
      <subfield code="a">Franz Josias</subfield>
      <subfield code="c">Sachsen-Coburg, Herzog</subfield>
      <subfield code="d">1697-1764</subfield>
    </datafield>
    <datafield tag="400" ind1="0" ind2=" ">
      <subfield code="a">Franz Josias</subfield>
      <subfield code="c">Sachsen-Coburg-Gotha, Herzog</subfield>
      <subfield code="d">1697-1764</subfield>
    </datafield>
    <datafield tag="400" ind1="0" ind2=" ">
      <subfield code="a">Frantz Josias</subfield>
      <subfield code="c">Sachsen-Jülich-Cleve-Berg, Herzog</subfield>
      <subfield code="d">1697-1764</subfield>
    </datafield>
    <datafield tag="400" ind1="0" ind2=" ">
      <subfield code="a">François Josias</subfield>
      <subfield code="c">Saxe, Prince</subfield>
      <subfield code="d">1697-1764</subfield>
    </datafield>
    <datafield tag="400" ind1="0" ind2=" ">
      <subfield code="a">F. J. H. z. S.</subfield>
      <subfield code="d">1697-1764</subfield>
    </datafield>
    <datafield tag="500" ind1="0" ind2=" ">
      <subfield code="0">(DE-101)122685806</subfield>
      <subfield code="0">(DE-588)122685806</subfield>
      <subfield code="0">https://d-nb.info/gnd/122685806</subfield>
      <subfield code="a">Johann Ernst</subfield>
      <subfield code="c">Sachsen-Coburg-Saalfeld, Herzog</subfield>
      <subfield code="d">1658-1729</subfield>
      <subfield code="4">bezf</subfield>
      <subfield code="4">https://d-nb.info/standards/elementset/gnd#familialRelationship</subfield>
      <subfield code="w">r</subfield>
      <subfield code="i">Beziehung familiaer</subfield>
      <subfield code="e">Beziehung familiaer</subfield>
      <subfield code="9">v:Vater</subfield>
    </datafield>
    <datafield tag="500" ind1="0" ind2=" ">
      <subfield code="0">(DE-101)129706434</subfield>
      <subfield code="0">(DE-588)129706434</subfield>
      <subfield code="0">https://d-nb.info/gnd/129706434</subfield>
      <subfield code="a">Christian Ernst</subfield>
      <subfield code="c">Sachsen-Coburg-Saalfeld, Herzog</subfield>
      <subfield code="d">1683-1745</subfield>
      <subfield code="4">bezf</subfield>
      <subfield code="4">https://d-nb.info/standards/elementset/gnd#familialRelationship</subfield>
      <subfield code="w">r</subfield>
      <subfield code="i">Beziehung familiaer</subfield>
      <subfield code="e">Beziehung familiaer</subfield>
      <subfield code="9">v:Halbbruder</subfield>
    </datafield>
    <datafield tag="500" ind1="0" ind2=" ">
      <subfield code="0">(DE-101)1048526666</subfield>
      <subfield code="0">(DE-588)1048526666</subfield>
      <subfield code="0">https://d-nb.info/gnd/1048526666</subfield>
      <subfield code="a">Charlotte Wilhelmine</subfield>
      <subfield code="c">Hanau-Münzenberg, Gräfin</subfield>
      <subfield code="d">1685-1767</subfield>
      <subfield code="4">bezf</subfield>
      <subfield code="4">https://d-nb.info/standards/elementset/gnd#familialRelationship</subfield>
      <subfield code="w">r</subfield>
      <subfield code="i">Beziehung familiaer</subfield>
      <subfield code="e">Beziehung familiaer</subfield>
      <subfield code="9">v:Halbschwester</subfield>
    </datafield>
    <datafield tag="500" ind1="0" ind2=" ">
      <subfield code="0">(DE-101)12851017X</subfield>
      <subfield code="0">(DE-588)12851017X</subfield>
      <subfield code="0">https://d-nb.info/gnd/12851017X</subfield>
      <subfield code="a">Wilhelm Friedrich</subfield>
      <subfield code="c">Sachsen-Saalfeld, Prinz</subfield>
      <subfield code="d">1691-1720</subfield>
      <subfield code="4">bezf</subfield>
      <subfield code="4">https://d-nb.info/standards/elementset/gnd#familialRelationship</subfield>
      <subfield code="w">r</subfield>
      <subfield code="i">Beziehung familiaer</subfield>
      <subfield code="e">Beziehung familiaer</subfield>
      <subfield code="9">v:Bruder</subfield>
    </datafield>
    <datafield tag="500" ind1="0" ind2=" ">
      <subfield code="0">(DE-101)140020667</subfield>
      <subfield code="0">(DE-588)140020667</subfield>
      <subfield code="0">https://d-nb.info/gnd/140020667</subfield>
      <subfield code="a">Karl Ernst</subfield>
      <subfield code="c">Sachsen-Coburg-Saalfeld, Herzog</subfield>
      <subfield code="d">1692-1720</subfield>
      <subfield code="4">bezf</subfield>
      <subfield code="4">https://d-nb.info/standards/elementset/gnd#familialRelationship</subfield>
      <subfield code="w">r</subfield>
      <subfield code="i">Beziehung familiaer</subfield>
      <subfield code="e">Beziehung familiaer</subfield>
      <subfield code="9">v:Bruder</subfield>
    </datafield>
    <datafield tag="500" ind1="0" ind2=" ">
      <subfield code="0">(DE-101)130671215</subfield>
      <subfield code="0">(DE-588)130671215</subfield>
      <subfield code="0">https://d-nb.info/gnd/130671215</subfield>
      <subfield code="a">Sophie Wilhelmine</subfield>
      <subfield code="c">Schwarzburg-Rudolstadt, Fürstin</subfield>
      <subfield code="d">1693-1727</subfield>
      <subfield code="4">bezf</subfield>
      <subfield code="4">https://d-nb.info/standards/elementset/gnd#familialRelationship</subfield>
      <subfield code="w">r</subfield>
      <subfield code="i">Beziehung familiaer</subfield>
      <subfield code="e">Beziehung familiaer</subfield>
      <subfield code="9">v:Schwester</subfield>
    </datafield>
    <datafield tag="500" ind1="0" ind2=" ">
      <subfield code="0">(DE-101)104183306</subfield>
      <subfield code="0">(DE-588)104183306</subfield>
      <subfield code="0">https://d-nb.info/gnd/104183306</subfield>
      <subfield code="a">Anna Sophia</subfield>
      <subfield code="c">Sachsen-Coburg-Saalfeld, Herzogin</subfield>
      <subfield code="d">1700-1780</subfield>
      <subfield code="4">bezf</subfield>
      <subfield code="4">https://d-nb.info/standards/elementset/gnd#familialRelationship</subfield>
      <subfield code="w">r</subfield>
      <subfield code="i">Beziehung familiaer</subfield>
      <subfield code="e">Beziehung familiaer</subfield>
      <subfield code="9">v:Ehefrau</subfield>
    </datafield>
    <datafield tag="500" ind1="0" ind2=" ">
      <subfield code="0">(DE-101)100265979</subfield>
      <subfield code="0">(DE-588)100265979</subfield>
      <subfield code="0">https://d-nb.info/gnd/100265979</subfield>
      <subfield code="a">Ernst Friedrich</subfield>
      <subfield code="c">Sachsen-Coburg-Saalfeld, Herzog</subfield>
      <subfield code="d">1724-1800</subfield>
      <subfield code="4">bezf</subfield>
      <subfield code="4">https://d-nb.info/standards/elementset/gnd#familialRelationship</subfield>
      <subfield code="w">r</subfield>
      <subfield code="i">Beziehung familiaer</subfield>
      <subfield code="e">Beziehung familiaer</subfield>
      <subfield code="9">v:Sohn</subfield>
    </datafield>
    <datafield tag="500" ind1="0" ind2=" ">
      <subfield code="0">(DE-101)136293670</subfield>
      <subfield code="0">(DE-588)136293670</subfield>
      <subfield code="0">https://d-nb.info/gnd/136293670</subfield>
      <subfield code="a">Johann Wilhelm</subfield>
      <subfield code="b">XII.</subfield>
      <subfield code="c">Sachsen-Coburg, Herzog</subfield>
      <subfield code="d">1726-1745</subfield>
      <subfield code="4">bezf</subfield>
      <subfield code="4">https://d-nb.info/standards/elementset/gnd#familialRelationship</subfield>
      <subfield code="w">r</subfield>
      <subfield code="i">Beziehung familiaer</subfield>
      <subfield code="e">Beziehung familiaer</subfield>
      <subfield code="9">v:Sohn</subfield>
    </datafield>
    <datafield tag="500" ind1="0" ind2=" ">
      <subfield code="0">(DE-101)132961679</subfield>
      <subfield code="0">(DE-588)132961679</subfield>
      <subfield code="0">https://d-nb.info/gnd/132961679</subfield>
      <subfield code="a">Christian Franz</subfield>
      <subfield code="c">Sachsen-Coburg-Saalfeld, Herzog</subfield>
      <subfield code="d">1730-1797</subfield>
      <subfield code="4">bezf</subfield>
      <subfield code="4">https://d-nb.info/standards/elementset/gnd#familialRelationship</subfield>
      <subfield code="w">r</subfield>
      <subfield code="i">Beziehung familiaer</subfield>
      <subfield code="e">Beziehung familiaer</subfield>
      <subfield code="9">v:Sohn</subfield>
    </datafield>
    <datafield tag="500" ind1="0" ind2=" ">
      <subfield code="0">(DE-101)101094485</subfield>
      <subfield code="0">(DE-588)101094485</subfield>
      <subfield code="0">https://d-nb.info/gnd/101094485</subfield>
      <subfield code="a">Friederike Karoline</subfield>
      <subfield code="c">Brandenburg-Ansbach, Markgräfin</subfield>
      <subfield code="d">1735-1791</subfield>
      <subfield code="4">bezf</subfield>
      <subfield code="4">https://d-nb.info/standards/elementset/gnd#familialRelationship</subfield>
      <subfield code="w">r</subfield>
      <subfield code="i">Beziehung familiaer</subfield>
      <subfield code="e">Beziehung familiaer</subfield>
      <subfield code="9">v:Tochter</subfield>
    </datafield>
    <datafield tag="500" ind1="0" ind2=" ">
      <subfield code="0">(DE-101)100443907</subfield>
      <subfield code="0">(DE-588)100443907</subfield>
      <subfield code="0">https://d-nb.info/gnd/100443907</subfield>
      <subfield code="a">Friedrich Josias</subfield>
      <subfield code="c">Sachsen-Coburg-Saalfeld, Prinz</subfield>
      <subfield code="d">1737-1815</subfield>
      <subfield code="4">bezf</subfield>
      <subfield code="4">https://d-nb.info/standards/elementset/gnd#familialRelationship</subfield>
      <subfield code="w">r</subfield>
      <subfield code="i">Beziehung familiaer</subfield>
      <subfield code="e">Beziehung familiaer</subfield>
      <subfield code="9">v:Sohn</subfield>
    </datafield>
    <datafield tag="548" ind1=" " ind2=" ">
      <subfield code="a">1697-1764</subfield>
      <subfield code="4">datl</subfield>
      <subfield code="4">https://d-nb.info/standards/elementset/gnd#dateOfBirthAndDeath</subfield>
      <subfield code="w">r</subfield>
      <subfield code="i">Lebensdaten</subfield>
    </datafield>
    <datafield tag="551" ind1=" " ind2=" ">
      <subfield code="0">(DE-101)040510875</subfield>
      <subfield code="0">(DE-588)4051087-6</subfield>
      <subfield code="0">https://d-nb.info/gnd/4051087-6</subfield>
      <subfield code="a">Saalfeld/Saale</subfield>
      <subfield code="4">ortg</subfield>
      <subfield code="4">https://d-nb.info/standards/elementset/gnd#placeOfBirth</subfield>
      <subfield code="w">r</subfield>
      <subfield code="i">Geburtsort</subfield>
    </datafield>
    <datafield tag="667" ind1=" " ind2=" ">
      <subfield code="a">7</subfield>
    </datafield>
    <datafield tag="667" ind1=" " ind2=" ">
      <subfield code="a">3</subfield>
    </datafield>
    <datafield tag="667" ind1=" " ind2=" ">
      <subfield code="a">VD-18</subfield>
    </datafield>
    <datafield tag="670" ind1=" " ind2=" ">
      <subfield code="a">ADB</subfield>
    </datafield>
    <datafield tag="672" ind1=" " ind2="0">
      <subfield code="a">Franz Josias &lt;Sachsen-Coburg-Saalfeld, Herzog&gt;: Herzog Franz Josias, Verordnung Art der E*</subfield>
    </datafield>
    <datafield tag="672" ind1=" " ind2="0">
      <subfield code="a">Franz Josias &lt;Sachsen-Coburg-Saalfeld, Herzog&gt;: Herzog Franz Josias Zehender und Trescher*</subfield>
    </datafield>
    <datafield tag="672" ind1=" " ind2="0">
      <subfield code="a">Christian Ernst &lt;Sachsen-Coburg-Saalfeld, Herzog&gt;: [Anfang und Schlußtermin für die Niede*</subfield>
    </datafield>
    <datafield tag="672" ind1=" " ind2="0">
      <subfield code="a">Franz Josias &lt;Sachsen-Coburg-Saalfeld, Herzog&gt;: [Die vormundschaftliche Verwaltung der He*. - 6. Febr. 1748</subfield>
    </datafield>
    <datafield tag="678" ind1=" " ind2=" ">
      <subfield code="b">ab 1729 Herzog von Sachsen-Coburg-Saalfeld, regierte bis 1745 gemeinsam mit seinem Bruder Christian Ernst, danach allein</subfield>
    </datafield>
    <datafield tag="913" ind1=" " ind2=" ">
      <subfield code="S">pnd</subfield>
      <subfield code="i">5</subfield>
      <subfield code="a">Franz Josias &lt;Sachsen-Coburg-Saalfeld, Herzog&gt;</subfield>
      <subfield code="0">(DE-588a)102109079</subfield>
    </datafield>
    <datafield tag="913" ind1=" " ind2=" ">
      <subfield code="S">pnd</subfield>
      <subfield code="i">5</subfield>
      <subfield code="a">Franz Josias &lt;Sachsen-Coburg-Saalfeld, Herzog&gt;</subfield>
      <subfield code="0">(DE-588a)186742401</subfield>
    </datafield>
  </record>
